<?xml version="1.0" encoding="UTF-8"?><collection xmlns="http://www.loc.gov/MARC21/slim"><record><leader>00582nam--2200181-i-4500</leader><controlfield tag="001">000035258</controlfield><controlfield tag="002">20161230</controlfield><controlfield tag="005">20161230201040</controlfield><controlfield tag="008">060222s1000------------r-----000-0-fre-d</controlfield><datafield ind1=" " ind2=" " tag="040"><subfield code="a">IFIN-HH</subfield></datafield><datafield ind1=" " ind2=" " tag="041"><subfield code="a">fre</subfield></datafield><datafield ind1=" " ind2=" " tag="080"><subfield code="a">535.41</subfield></datafield><datafield ind1="1" ind2=" " tag="100"><subfield code="a">Paufique, Michelle</subfield></datafield><datafield ind1="1" ind2="0" tag="245"><subfield code="a">Atomes a l'interieur d'un interferometre fabry-perot. montages pour l'etude des anneaux donnees par un gaz luminescent place entre les lames. (memoires)</subfield></datafield><datafield ind1=" " ind2=" " tag="260"><subfield code="a">D'Orsay</subfield><subfield code="b">Faculte Des Sciences De L'Universite De Paris</subfield><subfield code="c">1963</subfield></datafield><datafield ind1=" " ind2=" " tag="300"><subfield code="a">19P</subfield></datafield><datafield ind1=" " ind2=" " tag="852"><subfield code="a">20175</subfield><subfield code="c">535</subfield></datafield><datafield ind1=" " ind2=" " tag="CAT"><subfield code="a">Sys</subfield><subfield code="c">20101022</subfield><subfield code="h">124144</subfield></datafield></record></collection>